@BOOK{Posamentier:CPIG,
	title = {Software Requirement Specification},
	publisher = {https://users.encs.concordia.ca/~kamthan/courses/soen-6481/},
	author = {Pankaj Kamthan},
	year = {2019},
}

